%---------------------
% Bücher
%---------------------
@book{schneier2000,
author = {Schneier, Bruce},
title = {Secrets and Lies: Digital Security in a Networked World},
year = {2000},
edition = {1},
publisher = {Wiley},
address = {New York}
}

%---------------------
% Sammelwerke
%---------------------
@incollection{Meuser2009,
author="Meuser, Michael
and Nagel, Ulrike",
editor="Pickel, Susanne
and Pickel, Gert
and Lauth, Hans-Joachim
and Jahn, Detlef",
title="Das Experteninterview --- konzeptionelle Grundlagen und methodische Anlage",
bookTitle="Methoden der vergleichenden Politik- und Sozialwissenschaft: Neue Entwicklungen und Anwendungen",
year="2009",
publisher="VS Verlag f{\"u}r Sozialwissenschaften",
address="Wiesbaden",
isbn="978-3-531-91826-6",
}

%---------------------
% Zeitschriftenartikel
%---------------------
@article {WIWO2018,
author={{o.V.}},
title = {Der unkontrollierte Boom},
journal = {Wirtschaftswoche},
year = {2018},
volume = {(2018), Heft 15 vom 06.04.2018},
}

%---------------------
% Internetquellen
%---------------------
@online{Wikipedia,
  author = {{Wikipedia}},
  title = {Brute-Force-Methode},
  year = 2023,
  url = {https://de.wikipedia.org/wiki/Brute-Force-Methode},
  urldate = {2023-06-03}
}

@online{CNET,
  author = {{Nick Statt}},
  title = {Obama, serious about cybersecurity, also delivers laughs},
  year = {2015},
  url = {https://www.cnet.com/news/privacy/obama-serious-about-cybersecurity-also-delivers-laughs/},
  urldate = {2023-06-02}
}

@online{ETHZürich,
  author = {{Bronstein/Semendjajew/Musiol/Muhlig}},
  title = {Kombinatorik kurz und knapp},
  year = {1999},
  url = {https://stat.ethz.ch/education/semesters/WS_2005_06/info/KombinatorikZsfsg.pdf},
  urldate = {2023-06-02}
}

@online{statistaerstellen,
  author = {{Web.de}},
  title = {Wie erstellen/generieren Sie Ihr Passwort?},
  year = {2021},
  url = {https://de.statista.com/statistik/daten/studie/818733/umfrage/methoden-der-passworterstellung-in-deutschland/},
  urldate = {2023-06-02}
}

@online{ Rainbow,
  author = {{IT-Forensik Wiki}},
  title = {Rainbow Table},
  year = {2019},
  url = {https://it-forensik.fiw.hs-wismar.de/index.php/Rainbow_Table},
  urldate = {2023-06-02}
}
@online{ PBKDF2,
  author = {{Svetlin Nakov}},
  title = {PBKDF2},
  year = {2022},
  url = {https://cryptobook.nakov.com/mac-and-key-derivation/pbkdf2},
  urldate = {2023-06-02}
}

@online{ professional,
  author = {{admin}},
  title = {4-WAY HANDSHAKE},
  year = {2019},
  url = {https://www.wifi-professionals.com/2019/01/4-way-handshake},
  urldate = {2023-06-02}
}
@online{ statistalaenge,
  author = {{Web.de}},
  title = {Wie lang sind Ihre am häufigsten verwendeten Passwörter?},
  year = {2022},
  url = {https://de.statista.com/statistik/daten/studie/988439/umfrage/laenge-von-passwoertern-in-deutschland/},
  urldate = {2023-06-02}
}

%---------------------
% Firmeninterne Dokumente
%---------------------
@unpublished {Firma2018,
author={Julia Musterfrau},
title = {Die Geschichte der Musterfrau AG},
year = {2018},
}

%---------------------
% Interviewprotokolle
%---------------------
@interview {Experte2018,
author={Hans Expertmann},
title = {Aktueller Fertigungsprozess},
year = {2018},
}
